@BOOK{Say12,
	title = {Introduction to Data Compression},
	publisher = {Morgan Kaufmann},
	year = {2012},
	author = {Khalid Sayood},
	edition = {Fourth}
}

@BOOK{BCW90,
	title = {Text Compression},
	publisher = {Prentice Hall},
	year = {1990},
	author = {T.C. Bell and J. G. Cleary and I.H. Witten},
	edition = {}
}

@BOOK{Sal04,
	title = {Data Compression: The Complete Reference},
	publisher = {Springer},
	year = {2004},
	author = {David Salomon},
	edition = {3rd}
}

@BOOK{MOV96,
	title = {Handbook of Applied Cryptography},
	publisher = {CRC Press},
	year = {1996},
	author = {Alfred J. Menezes and Paul C. van Oorschot and Scott A. Vanstone},
	edition = {}
}

@BOOK{Sti02,
	title = {Cryptography Theory and Practice},
	publisher = {Chapman \& Hall/CRC},
	year = {2002},
	author = {Douglas R. Stinson},
	edition = {Second}
}

@BOOK{KL15,
	title = {Introduction to Modern Cryptography},
	publisher = {Chapman \& Hall/CRC},
	year = {2015},
	author = {Jonathan Katz and Yehuda Lindell},
	edition = {Second}
}

@BOOK{Wic,
	title = {Error Control Systems for Digital Communication and Storage},
	publisher = {Prentice Hall},
	year = {},
	author = {S.B. Wicker},
	edition = {}
}

@BOOK{MS,
	title = {The Theory of Error-correcting codes},
	publisher = {North-Holland},
	year = {},
	author = {F.J. MacWilliams and N.J.A. Sloane},
	edition = {}
}

@BOOK{McE,
	title = {The Theory of Information and Coding},
	publisher = {Cambridge University Press},
	year = {},
	author = {R.J. McEliece},
	edition = {}
}

@BOOK{CT06,
	title = {Elements of Information Theory},
	publisher = {Wiley},
	year = {2006},
	author = {Thomas M. Cover and Joy A. Thomas},
	edition = {Second}
}

@BOOK{Yeu08,
	title = {Information Theory and Network Coding},
	publisher = {Springer},
	year = {2008},
	author = {Raymond W. Yeung},
	edition = {}
}

@BOOK{Mac03,
	title = {Information Theory, Inference, and Learning Algorithms},
	publisher = {Cambridge University Press},
	year = {2003},
	author = {David J. C. MacKay},
	edition = {}
}

@BOOK{CK11,
	title = {Information Theory: Coding Theorems for Discrete Memoryless Systems},
	publisher = {Cambridge University Press},
	year = {2011},
	author = {Imre Csisz\'ar and J\'anos K\"orner},
	edition = {Second}
}

@BOOK{TW02,
	title = {Introduction to Cryptography with Coding Theory},
	publisher = {Prentice Hall},
	year = {2002},
	author = {Wade Trappe and Lawrence C. Washington},
	edition = {Second}
}

@BOOK{BPR10,
	title = {Codes and Automata},
	publisher = {Cambridge University Press},
	year = {2010},
	author = {Jean Berstel and Dominique Perrin and Christophe Reutenauer},
	series = {Encyclopedia of Mathematics and its Applications},
	volume = {129},
	edition = {Second}
}

@BOOK{Zip49,
	title = {Human behavior and the principle of least effort},
	publisher = {Addison-Wesley},
	year = {1949},
	author = {G. Zipf},
	edition = {}
}

@ARTICLE{Sha51,
  author = {Claude Shannon},
  title = {Prediction and entropy of printed English},
  journal = {Bell System Technical J.},
  year = {1951},
  month = {January},
  volume = {},
  number = {},
  pages = {50-64}
}

@ARTICLE{Man52,
  author = {B. Mandelbrot},
  title = {An information theory of the statistical structure of language},
  journal = {Proc. Symposium on Applications of Communication Theory},
  year = {1952},
  month = {September},
  volume = {},
  number = {},
  pages = {486-500}
}

@ARTICLE{CK78,
  author = {T. Cover and R. King},
  title = {A convergent gambling estimate of the entropy of English},
  journal = {IEEE Transactions on Information Theory},
  year = {1978},
  month = {July},
  volume = {24},
  number = {4},
  pages = {413-421}
}

@ARTICLE{KMMV02,
  author = {D. Korn and J. MacDonald and J. Mogul and K. Vo},
  title = {The VCDIFF Generic Differencing and Compression Data Format},
  journal = {Network Working Group, Request for Comments},
  year = {2002},
  month = {},
  volume = {3284},
  number = {},
  pages = {}
}

@ARTICLE{KF11,
  author = {Byron Knoll and Nando de Freitas},
  title = {A Machine Learning Perspective on Predictive Coding with {PAQ}},
  journal = {Arxiv},
  year = {2011},
  month = {},
  volume = {},
  number = {},
  pages = {1-30}
}


@misc{TextBenchmark,
	author = {Matt Mahoney},
	title = {Large Text Compression Benchmark},
	year = {2021},
	note = {\url{http://mattmahoney.net/dc/text.html},
	Last accessed on 2021-01-19},
}

@misc{TextCompression,
	author = {Matt Mahoney},
	title = {Data Compression Programs},
	note = {\url{http://mattmahoney.net/dc},
	Last accessed on 2021-01-19},
}

@misc{GoogleCompression,
	author = {Gerald Tamayo},
	title = {The Data Compression Guide},
	year = {2020},
	note = {\url{https://sites.google.com/site/datacompressionguide},
	Last accessed on 2021-01-19},
}

@article{burrows1994block,
  title={A block-sorting lossless data compression algorithm},
  author={Burrows, Michael and Wheeler, David J},
  year={1994},
  publisher={Citeseer}
}
